@article{boyce2010global,
	title={Global phytoplankton decline over the past century},
	author={Boyce, Daniel G and Lewis, Marlon R and Worm, Boris},
	journal={Nature},
	volume={466},
	number={7306},
	pages={591--596},
	year={2010},
	publisher={Nature Publishing Group}
}
@article{Ising1925,
	author = {Ising, Ernst},
	doi = {10.1007/BF02980577},
	issn = {0044-3328},
	journal = {Zeitschrift f{\"{u}}r Physik},
	number = {1},
	pages = {253--258},
	title = {{Beitrag zur Theorie des Ferromagnetismus}},
	url = {http://link.springer.com/10.1007/BF02980577},
	volume = {31},
	year = {1925}
}
@book{political_campaign_book,
	author = {Trent, Judith S. and Friedenberg, Robert V.},
	publisher = {Rowman \& Littlefield},
	title = {Political Campaign Communication: Principles and Practices},
	year = {2008}
	}
	@article{boettcher_petitions,
	author = {B{\"{o}}ttcher, Lucas and Woolley-Meza, Olivia and Brockmann, Dirk},
	journal = {PLOS ONE},
	pages = {e0178062},
	title = {Temporal dynamics of online petitions},
	volume = {12},
	year = {2017}
}
@article{Melo2018,
	archivePrefix = {arXiv},
	arxivId = {1711.05894},
	author = {Melo, Hygor Piaget M. and Reis, Saulo D. S. and Moreira, Andr{\'{e}} A. and Makse, Hern{\'{a}}n A. and Andrade, Jos{\'{e}} S.},
	doi = {10.1371/journal.pone.0201654},
	eprint = {1711.05894},
	isbn = {1111111111},
	issn = {19326203},
	journal = {PLOS ONE},
	number = {8},
	pages = {1--13},
	title = {The price of a vote: Diseconomy in proportional elections},
	volume = {13},
	year = {2018}
}
@misc{privatecomm,
	author = {Austen-Smith, David},
	title = {{Personal communication with {David Austen-Smith} who told us that some of his acquaintances who participated in door-to-door campaigns reached out to 10 to 50 households a day depending on the density of housing units from suburbs to apartment}},
	year = {December 11, 2018}
}
@inproceedings{Carley2018Science,
	author = {Carley, Kathleen},
	booktitle = {Proceedings of the 24th Annual International Conference on Mobile Computing and Networking},
	doi = {10.1145/3241539.3241587},
	isbn = {978-1-4503-5903-0},
	keywords = {cyber-threats, disaster response, disinformation, social media, state stability,cyber security},
	pages = {459},
	publisher = {ACM},
	series = {MobiCom '18},
	title = {The Science of Social Cyber-Security},
	url = {http://doi.acm.org/10.1145/3241539.3241587},
	year = {2018}
}
@article{kreiss18,
	author = {Kreiss, Daniel and McGregor, Shannon C.},
	journal = {Political Communication},
	pages = {155--177},
	title = {Technology firms shape political communication: The work of {Microsoft}, {Facebook}, {Twitter}, and {Google} with campaigns during the 2016 {US} presidential cycle},
	volume = {35},
	year = {2018}
}
@article{bennett16,
	author = {Bennett, Colin J.},
	journal = {IDPL},
	pages = {261--275},
	title = {Voter databases, micro-targeting, and data protection law: Can political parties campaign in {Europe} as they do in {North America}?},
	volume = {6},
	year = {2016}
}
@article{persily17,
	author = {Persily, Nathaniel},
	journal = {Journal of Democracy},
	pages = {63--76},
	title = {The 2016 {US} Election: Can democracy survive the internet?},
	volume = {28},
	year = {2017}
}
@article{cadwalladr17,
	author = {Cadwalladr, Carole},
	journal = {Guardian},
	title = {The great {British} {Brexit} robbery: How our democracy was hijacked},
	year = {May 7, 2017},
	howpublished ={https://www.theguardian.com/technology/2017/may/07/the-great-british-brexit-robbery-hijacked-democracy},
	note= {Accessed on October 27, 2021}
}
@article{Kelly2018TedCruz,
	note = {Retrieved on Feb 21, 2019},
	author = {Kelly, Matthew},
	journal = {OpenSecrets},
	title = {Before {Trump, Cambridge Analytica} was on team {Cruz}},
	howpublished = {https://www.opensecrets.org/news/2018/03/before-trump-cambridge-analytica-was-on-team-cruz/},
	year={March 23, 2018}
}
@article{Hegselmann2015Optimal,
	author = {Hegselmann, Rainer and K{\"{o}}nig, Stefan and Kurz, Sascha and Niemann, Christoph and Rambau, J{\"{o}}rg},
	journal = {Journal of Artificial Societies and Social Simulation},
	number = {3},
	pages = {1--47},
	title = {Optimal opinion control: The campaign problem},
	volume = {18},
	year = {2015}
}
@article{Hegselmann2002Opinion,
	title={Opinion dynamics and bounded confidence models, analysis, and simulation},
	author={Hegselmann, Rainer and Krause, Ulrich},
	journal={Journal of Artificial Societies and Social Simulation},
	volume={5},
	number={3},
	year={2002}
}
@article{Guardian2018Brexit,
	author = {Cadwalladr, Carole and Townsend, Mark},
	title = {Revealed: The ties that bound {Vote Leave}'s data firm to controversial {Cambridge Analytica}},
	journal = {Guardian},
	year = {March 24, 2018},
	url = {https://www.theguardian.com/uk-news/2018/mar/24/aggregateiq-data-firm-link-raises-leave-group-questions},
	note = {Retrieved Feb 21, 2019},
}
@book{sumpter2018outnumbered,
	title={Outnumbered: Exploring the Algorithms That Control Our Lives},
	author={Sumpter, David},
	isbn={9781472947437},
	lccn={2017473502},
	series={Bloomsbury sigma series},
	year={2018},
	publisher={Bloomsbury Sigma}
}
@article{Duggan2011Spatial,
	title={A spatial theory of media slant and voter choice},
	author={Duggan, John and Martinelli, Cesar},
	journal={Review of Economic Studies},
	volume={78},
	number={2},
	pages={640--666},
	year={2011},
	publisher={Oxford University Press}
}
}
@article{DellaVigna2007Fox,
	title={The {Fox News} effect: Media bias and voting},
	author={DellaVigna, Stefano and Kaplan, Ethan},
	journal={Quarterly Journal of Economics},
	volume={122},
	number={3},
	pages={1187--1234},
	year={2007},
	publisher={MIT Press}
}
@book{Gersbach2017,
	author = {Gersbach, Hans},
	location = {Heidelberg},
	publisher = {Springer},
	title = {Redesigning Democracy: More Ideas for Better Rules},
	year = {2017}
}
@article{Bottcher2018,
	author = {B\"{o}ttcher, Lucas AND Herrmann, Hans J. AND Gersbach, Hans},
	journal = {PLOS ONE},
	publisher = {Public Library of Science},
	title = {Clout, activists and budget: The road to presidency},
	year = {2018},
	volume = {13},
	url = {https://doi.org/10.1371/journal.pone.0193199},
	pages = {1--11},
	number = {3},
	doi = {10.1371/journal.pone.0193199}
}
@article{boettcher14,
	title={Disease-induced resource constraints can trigger explosive epidemics},
	author={B{\"o}ttcher, Lucas and Woolley-Meza, Olivia and Ara{\'u}jo, Nuno A. M. and Herrmann, Hans J. and Helbing, Dirk},
	journal={Scientific Reports},
	volume={5},
	pages={16571},
	year={2015},
	publisher={Nature Publishing Group}
}
@article{boettcher_targeted,
	author = {Lucas B\"ottcher and Andrade, Jr., J. S. and Hans J. Herrmann},
	journal = {Scientific Reports},
    pages = {14356},
	title = {Targeted Recovery as an Effective Strategy against Epidemic Spreading},
	volume = {7},
	year = {2017}
}
@book{keeling-rohani2008,
	author = {Keeling, Matt J. and Rohani, Pejman},
	publisher = {Princeton University Press},
	title = {Modeling Infectious Diseases in Humans and Animals},
	year = {2008},
	biburl = {https://www.bibsonomy.org/bibtex/2833a47fa8432c9667c5c9358e2d9953e/rincedd},
  keywords = {epidemics},
}
}
@book{marro05,
	author = {Marro, Joaquin and Dickman, Ronald},
	publisher = {Cambridge University Press},
	title = {Nonequilibrium Phase Transitions in Lattice Models},
	year = {2005}
}
@article{gleeson12,
	author = {Gleeson, James P. and Melnik, Sergey and Ward, Jonathan A. and Porter, Mason A. and Mucha, Peter J.},
	journal = {Physical Reviews E},
	pages = {026106},
	title = {Accuracy of mean-field theory for dynamics on real-world networks},
	volume = {85},
	year = {2012}
}
@article{boettcher162,
	title={Failure and recovery in dynamical networks},
	author={B{\"o}ttcher, Lucas and Lukovi{\'c}, Mirko and Nagler, Jan and Havlin, Shlomo and Herrmann, Hans J.},
	journal={Scientific Reports},
	volume={7},
	pages={41729},
	year={2017},
	publisher={Nature Publishing Group},
}
@article{boettcher171,
	author = {Lucas B\"{o}ttcher and Jan Nagler and Hans J. Herrmann},
	journal = {Physical Review Letters},
	pages = {088301},
	title = {Critical Behaviors in Contagion Dynamics},
	volume = {118},
	year = {2017}
}
@article{huffpost,
	howpublished = {https://www.huffpost.com/entry/campaign-volunteering-rallies-poll_n_581906b8e4b0f96eba968ca7},
	title ={Volunteering For A Campaign Or Going To Rallies? {You}'re In The Minority},
	journal = {Huffpost},
	year = {November 1, 2016},
	author = {Edwards-Levy, Ariel},
	note= {Retrieved August 31, 2017}
}
@misc{pollchart,
	howpublished = {http://elections.huffingtonpost.com/pollster/2016-general-election-trump-vs-clinton},
	title = {Poll chart 2016 general election: {Trump} vs. {Clinton}}, author={HuffPost Pollster}, 
	note={retrieved August 31, 2017},
}
@misc{insidegov,
	howpublished = {http://presidential-candidates.insidegov.com/},
	title = {{Compare Presidential Candidates 2016}},
	author = {Insidegov.com},
	note = {Retrieved August 31, 2017},
}
@article{Gentzkow2016Polarization,
    title={Polarization in 2016},
    author={Gentzkow, Matthew},
    journal={Toulouse Network of Information Technology White Paper},
    year={2016},
    pages={1--23},
}
@article{PewResearchCenter2018,
	author = {{Pew Research Center}},
	title = {For Most {Trump} Voters, `Very Warm' Feelings for Him Endured},
	subtitle = {Also: A detailed look at the 2016 electorate, based on voter records},
	journal = {Pew Research Center Reports},
	year = {August 9, 2018},
	howpublished = {http://www.people-press.org/2018/08/09/for-most-trump-voters-very-warm-feelings-for-him-endured/},
	note = {Retrieved February 5, 2019},
}
@misc{DaveLeip,
	author = {Leip, David},
	title = {{Dave} {Leip's} Atlas of {U.S.} Presidential Elections.},
	howpublished = {http://uselectionatlas.org},
	note = {Accessed: {September} 25, 2018},
}
@article{Michaud_2018_Social,
	title = {Social influence with recurrent mobility and multiple options},
	author = {Michaud, J\'er\^ome and Szilva, Attila},
	journal = {Physical Review E},
	volume = {97},
	issue = {6},
	pages = {062313},
	numpages = {10},
	year = {2018},
	month = {Jun},
	publisher = {American Physical Society},
	doi = {10.1103/PhysRevE.97.062313},
	url = {https://link.aps.org/doi/10.1103/PhysRevE.97.062313}
}
@book{mathematical_methods,
	author = {Boas, Mary L.},
	title = {Mathematical Methods in the Physical Sciences},
	publisher = {Wiley},
	year = {2005}
}
@book{mathematical_methods2,
	author = {Weber, Hans J.  and Arfken, George B.},
	title = {Mathematical Methods for Physicists},
	publisher = {Elsevier},
	year = {2003}
}
@incollection{Benigni2019Botivistm,
	author="Benigni, Matthew C. and Joseph, Kenneth and Carley, Kathleen M.",
	title="Bot-ivistm: Assessing Information Manipulation in Social Media Using Network Analytics",
	year="2019",
	publisher="Springer",
	pages="19--42",
	isbn="978-3-319-94105-9",
	doi="10.1007/978-3-319-94105-9_2",
	url="https://doi.org/10.1007/978-3-319-94105-9_2",
	crossref="Agarwal2019Emerging",
	editor="Agarwal, Nitin and Dokoohaki, Nima and Tokdemir, Serpil",
	booktitle="Emerging Research Challenges and Opportunities in Computational Social Network Analysis and Mining",
}
@book{Agarwal2019Emerging,
	editor="Agarwal, Nitin and Dokoohaki, Nima and Tokdemir, Serpil",
	title="Emerging Research Challenges and Opportunities in Computational Social Network Analysis and Mining",
	pusblisher="Springer",
	year="2019",
	doi="10.1007/978-3-319-94105-9"
}
@article{downs1957economic,
  title={An economic theory of political action in a democracy},
  author={Downs, Anthony},
  journal={Journal of Political Economy},
  volume={65},
  number={2},
  pages={135--150},
  year={1957},
  publisher={The University of Chicago Press},
}
@article{boettcher2019competing,
	author = {B{\"{o}}ttcher, Lucas and Montealegre, Pedro and Goles, Eric and Gersbach, Hans},
	doi = {https://doi.org/10.1016/j.physa.2019.123713},
	journal = {Physica A: Statistical Mechanics and its Applications},
	pages = {123713},
	title = {Competing activists—{Political} polarization},
	url = {http://www.sciencedirect.com/science/article/pii/S0378437119320679},
	volume = {545},
	year = {2020},
	publisher={Elsevier},
}
@article{hotelling1929Stability,
	title={Stability in Competition},
	author={Hotelling, Harold},
	journal={Economic Journal},
	volume={39},
	number={153},
	pages={41--57},
	year={1929},
	url={http://www.jstor.org/stable/2224214},
	publisher = {[Royal Economic Society, Wiley]}
}
@article{redner2019reality,
	title={Reality-inspired voter models: A mini-review},
	author={Redner, Sidney},
	journal={Comptes Rendus Physique},
	volume={20},
	number={4},
	pages={275--292},
	year={2019},
	publisher={Elsevier},
	issn = {1631-0705},
	doi = {https://doi.org/10.1016/j.crhy.2019.05.004},
	url = {http://www.sciencedirect.com/science/article/pii/S1631070519300325}
}
@book{latouche1999introduction,
  author    = {Latouche, Guy and Ramaswami, Vaidyanathan},
  title     = {Introduction to Matrix Analytic Methods in Stochastic Modeling},
  series    = {{ASA-SIAM} Series on Statistics and Applied Mathematics},
  publisher = {{SIAM}},
  year      = {1999},
  url       = {https://doi.org/10.1137/1.9780898719734},
  doi       = {10.1137/1.9780898719734},
  isbn      = {978-0-89871-425-8},
}
@article{gleeson2013binary,
  title={Binary-state dynamics on complex networks: Pair approximation and beyond},
  author={Gleeson, James P.},
  journal={Physical Review X},
  volume={3},
  number={2},
  pages={021004},
  year={2013},
  publisher={APS}
}
@article{wittman1977candidates,
  title={Candidates with policy preferences: A dynamic model},
  author={Wittman, Donald},
  journal={Journal of Economic Theory},
  volume={14},
  number={1},
  pages={180--189},
  year={1977},
  publisher={Elsevier}
}
@article{calvert1985robustness,
  title={Robustness of the multidimensional voting model: Candidate motivations, uncertainty, and convergence},
  author={Calvert, Randall L.},
  journal={American Journal of Political Science},
  volume = {29},
  number = {1},
  pages={69--95},
  year={1985},
  publisher={JSTOR}
}
@article{de2017electoral,
  title={Electoral Competition and Party Positioning},
  author={De Donder, Philippe and Gallego, Maria},
  year={2017},
  publisher={TSE Working Paper},
  journal={TSE Working Paper},
}
@article{degroot1974reaching,
  title={Reaching a consensus},
  author={DeGroot, Morris H.},
  journal={Journal of the American Statistical Association},
  volume={69},
  number={345},
  pages={118--121},
  year={1974},
  publisher={Taylor \& Francis Group}
}
@article{kahan2017ordinary,
  title={‘Ordinary science intelligence’: A science-comprehension measure for study of risk and science communication, with notes on evolution and climate change},
  author={Kahan, Dan M},
  journal={Journal of Risk Research},
  volume={20},
  number={8},
  pages={995--1016},
  year={2017},
  publisher={Taylor \& Francis}
}
@article{kahan2017science,
  title={Science curiosity and political information processing},
  author={Kahan, Dan M. and Landrum, Asheley and Carpenter, Katie and Helft, Laura and Hall Jamieson, Kathleen},
  journal={Political Psychology},
  volume={38},
  pages={179--199},
  year={2017},
  publisher={Wiley Online Library}
}
@article{gersbach2014campaigns,
  title={Campaigns, political mobility, and communication},
  author={Gersbach, Hans},
  journal={Public Choice},
  volume={161},
  number={1-2},
  pages={31--49},
  year={2014},
  publisher={Springer}
}
@article{andonie2019impressionable,
  title={Impressionable voters},
  author={Andonie, Costel and Diermeier, Daniel},
  journal={American Economic Journal: Microeconomics},
  volume={11},
  number={1},
  pages={79--104},
  year={2019}
}
@Inbook{seneta1981markov,
	author="Seneta, Eugene",
	title="Markov Chains and Finite Stochastic Matrices",
	bookTitle="Non-negative Matrices and Markov Chains",
	year="1981",
	publisher="Springer",
	pages="112--158",
	isbn="978-0-387-32792-1",
	doi="10.1007/0-387-32792-4_4",
	url="https://doi.org/10.1007/0-387-32792-4_4"
}
@article{castellano2009statistical,
    title={Statistical physics of social dynamics},
    author={Castellano, Claudio and Fortunato, Santo and Loreto, Vittorio},
    journal={Reviews of Modern Physics},
    volume={81},
    number={2},
    pages={591591--646},
    year={2009},
    publisher = {American Physical Society},
    doi = {10.1103/RevModPhys.81.591},
    url = {https://link.aps.org/doi/10.1103/RevModPhys.81.591}
}
@book{meyer2000matrix,
  author = {Meyer, Carl D.},
  title = {Matrix Analysis and Applied Linear Algebra},
  year = {2000},
  isbn = {0898714540},
  publisher = {SIAM},
}
@article{jadbabaie2012non,
  title={Non-{Bayesian} social learning},
  author={Jadbabaie, Ali and Molavi, Pooya and Sandroni, Alvaro and Tahbaz-Salehi, Alireza},
  journal={Games and Economic Behavior},
  volume={76},
  number={1},
  pages={210--225},
  year={2012},
  publisher={Elsevier}
}
@article{fernandez2014voter,
  title={Is the voter model a model for voters?},
  author={Fern{\'a}ndez-Gracia, Juan and Suchecki, Krzysztof and Ramasco, Jos{\'e} J. and San Miguel, Maxi and Egu{\'\i}luz, V{\'\i}ctor M.},
  journal={Physical Review Letters},
  volume={112},
  number={15},
  pages={158701},
  year={2014},
  publisher={APS}
}
@article{vieira2018threshold,
  title={Threshold q-voter model},
  author={Vieira, Allan R. and Anteneodo, Celia},
  journal={Physical Review E},
  volume={97},
  number={5},
  pages={052106},
  year={2018},
  publisher={APS}
}
@article{cobb1928theory,
  title={A Theory of Production},
  author={Cobb, Charles W. and Douglas, Paul H.},
  journal={American Economic Review},
  volume={18},
  number={1},
  pages={139--165},
  year={1928},
  publisher={American Economic Association}
}
@article{hoferer2020impact,
title = {The Impact of Technologies in Political Campaigns},
journal = {Physica A: Statistical Mechanics and its Applications},
volume = {538},
pages = {122795},
year = {2020},
issn = {0378-4371},
doi = {https://doi.org/10.1016/j.physa.2019.122795},
url = {https://www.sciencedirect.com/science/article/pii/S0378437119315857},
author = {Hoferer, Moritz and B\"{o}ttcher, Lucas and Herrmann, Hans J. and Gersbach, Hans},
keywords = {Campaigns, Opinion formation, Targeting, Dynamical systems},
publisher={Elsevier}
}
@article{garcia2019collective,
    title={Collective emotions and social resilience in the digital traces after a terrorist attack},
    author={Garcia, David and Rim{\'e}, Bernard},
    journal={Psychological science},
    volume={30},
    number={4},
    pages={617--628},
    year={2019},
}
@article{conover2011political,
    title={Political Polarization on {Twitter}},
    volume={5},
    ISSN={2334-0770},
    url={https://ojs.aaai.org/index.php/ICWSM/article/view/14126},
    number={11},
    journal={Proceedings of the International AAAI Conference on Web and Social Media},
    author={Conover, Michael and Ratkiewicz, Jacob and Francisco, Matthew and Goncalves, Bruno and Menczer, Filippo and Flammini, Alessandro},
    year={2011},
    month={7},
}
@article{garimella2017long,
    title={A Long-Term Analysis of Polarization on {Twitter}},
    volume={11},
    ISSN={2334-0770},
    url={https://ojs.aaai.org/index.php/ICWSM/article/view/14918},
    number={1},
    journal={Proceedings of the International AAAI Conference on Web and Social Media},
    author={Garimella, Venkata Rama Kiran and Weber, Ingmar},
    year={2017}, 
    pages={528-531}
}
@article{Wojcieszak_Mutz_2009, 
    title={Online Groups and Political Discourse: Do Online Discussion Spaces Facilitate Exposure to Political Disagreement?},
    volume={59},
    ISSN={0021-9916},
    DOI={10.1111/j.1460-2466.2008.01403.x},
    number={1},
    journal={Journal of Communication},
    author={Wojcieszak, Magdalena E. and Mutz, Diana C.},
    year={2009},
    month={3},
    pages={40–56},
 }
@misc{VADER,
	author = {Hutto, C.J.},
	title = {{VADER-Sentiment-Analysis}},
	note = {Accessed on Feb. 12, 2020},
	url = {https://github.com/cjhutto/vaderSentiment},
}
@misc{politicalreddit,
	author = {Hoferer, Moritz and Kekkonen, Arto and Mepham, Kieran},
	title = {Political Reddit},
	note = {Accessed on Nov. 5, 2020},
	url = {https://github.com/moritzhoferer/political_reddit},
}
@manual{pushshiftR,
    author = {Cunningham, Nathan},
    title = {{pushshiftR}},
    note = {Accessed on Nov. 10, 2020},
    howpublished = {https://github.com/nathancunn/pushshiftR},
}
@manual{psaw,
    author = {Marx, David and et al.},
    title = {{Python Pushshift.io API Wrapper}},
    note = {Accessed on Nov. 10, 2020},
    url = {https://github.com/dmarx/psaw},
}
@inproceedings{medvedev2017anatomy,
    author="Medvedev, Alexey N. and Lambiotte, Renaud and Delvenne, Jean-Charles",
    editor="Ghanbarnejad, Fakhteh and Saha Roy, Rishiraj and Karimi, Fariba and Delvenne, Jean-Charles and Mitra, Bivas",
    title="The Anatomy of {Reddit}: An Overview of Academic Research",
    booktitle="Dynamics On and Of Complex Networks III",
    year="2019",
    publisher="Springer International Publishing",
    address="Cham",
    pages="183--204",
    isbn="978-3-030-14683-2"
}

@article{layman2006party,
  title={Party polarization in American politics: Characteristics, causes, and consequences},
  author={Layman, Geoffrey C and Carsey, Thomas M and Horowitz, Juliana Menasce},
  journal={Annual Review of Political Science},
  volume={9},
  pages={83--110},
  year={2006},
  publisher={Annual Reviews}
}

@article{aragon2017generative,
	title={Generative models of online discussion threads: state of the art and research challenges},
	author={Arag{\'o}n, Pablo and G{\'o}mez, Vicen{\c{c}} and Garc{\'\i}a, David and Kaltenbrunner, Andreas},
	journal={Journal of Internet Services and Applications},
	volume={8},
	number={1},
	pages={15},
	year={2017},
	publisher={SpringerOpen},
}
@article{pew2017partisan,
	title={The partisan divide on political values grows even wider},
	author={{Pew Research Center}},
	year={October 5, 2017},
	journal = {Pew Research Center Report},
	publisher={Pew Research Center Washington, DC},
	note={Accessed on Feb 18, 2020},
	url ={https://www.people-press.org/2016/06/22/partisanship-and-political-animosity-in-2016/},
}
@article{Pew2019PartisanPersonal,
    title = {Partisan Antipathy: More Intense, More Personal},
    year={October 10, 2019},
    author = {{Pew Research Center}},
    journal = {Pew Research Center Report},
    publisher={Pew Research Center Washington, DC},
    note={Accessed on Mar 02, 2021},
    url={https://www.pewresearch.org/politics/2019/10/10/partisan-antipathy-more-intense-more-personal/},
}
@Manual{R2019,
	title = {R: A Language and Environment for Statistical Computing},
	author = {{R Core Team}},
	organization = {R Foundation for Statistical Computing},
	address = {Vienna, Austria},
	year = {2019},
	url = {https://www.R-project.org/},
}
@article{baumgartner2020pushshift, 
    title={The {Pushshift} {Reddit} Dataset}, 
    volume={14}, 
    url={https://ojs.aaai.org/index.php/ICWSM/article/view/7347},  number={1}, 
    journal={Proceedings of the International AAAI Conference on Web and Social Media}, 
    author={Baumgartner, Jason and Zannettou, Savvas and Keegan, Brian and Squire, Megan and Blackburn, Jeremy}, 
    year={2020}, 
    pages={830-839}
}
@book{van2011python,
	title={The {Python} language reference manual},
	author={Van Rossum, Guido and Drake, Fred L},
	year={2011},
	publisher={Network Theory Ltd.},
}
@article{theocaris2020Dynamics,
    title={The Dynamics of Political Incivility on Twitter},
    volume={10}, 
    ISSN={2158-2440}, 
    DOI={10/ghz8gg}, 
    number={2}, 
    journal={SAGE Open}, 
    publisher={SAGE Publications}, 
    author={Theocharis, Yannis and Barberá, Pablo and Fazekas, Zoltán and Popa, Sebastian Adrian},
    year={2020},
    month={4},
    pages={2158244020919447}
}
@article{suler2004Online, 
    title={The Online Disinhibition Effect},
    volume={7}, ISSN={1094-9313},
    DOI={10/cm9hps}, 
    number={3}, 
    journal={CyberPsychology \& Behavior}, 
    publisher={Mary Ann Liebert, Inc., publishers}, 
    author={Suler, John}, 
    year={2004},
    month={6}, 
    pages={321–326}
}
@article{rowe2015Civility, 
    title={Civility 2.0: A comparative analysis of incivility in online political discussion}, 
    volume={18},
    ISSN={1369-118X}, 
    DOI={10/ts4}, 
    number={2}, 
    journal={Information, 
    Communication \& Society}, 
    publisher={Routledge}, 
    author={Rowe, Ian}, 
    year={2015}, 
    month={2}, 
    pages={121–138}
}
@article{huddy2001Social,
    title={From Social to Political Identity: A Critical Examination of Social Identity Theory},
    volume={22},
    number = {1},
    ISSN={1467-9221}, 
    DOI={10/fbr9qv}, 
    author={Huddy, Leonie}, 
    year={2001}, 
    pages={127–156},
    journal = {Political Psychology}
}
@article{fiorina2008political,
  title={Political polarization in the {American} public},
  author={Fiorina, Morris P. and Abrams, Samuel J.},
  journal={Annual Review of Political Science},
  volume={11},
  pages={563--588},
  year={2008},
  publisher={Annual Reviews}
}
@article{abramowitz2008polarization,
  title={Is polarization a myth?},
  author={Abramowitz, Alan I. and Saunders, Kyle L.},
  journal={Journal of Politics},
  volume={70},
  number={2},
  pages={542--555},
  year={2008},
  publisher={Cambridge University Press New York, USA}
}
@article{iyengar2019origins,
  title={The origins and consequences of affective polarization in the {United States}},
  author={Iyengar, Shanto and Lelkes, Yphtach and Levendusky, Matthew and Malhotra, Neil and Westwood, Sean J},
  journal={Annual Review of Political Science},
  volume={22},
  pages={129--146},
  year={2019},
  publisher={Annual Reviews}
}
@misc{deri2019internet,
  title={Internet Use and Political Polarization: A Review},
  author={Deri, Sebastian},
  year={2019},
  publisher={PsyArXiv}
}
@article{goldberg2019Perceived,
	title = {Perceived social consensus can reduce ideological biases on climate change},
	issn = {0013-9165},
	url = {https://doi.org/10.1177/0013916519853302},
	doi = {10/gg4359},
	urldate = {2019-06-06},
	journal = {Environment and Behavior},
	author = {Goldberg, Matthew H. and van der Linden, Sander and Leiserowitz, Anthony and Maibach, Edward},
	month = jun,
	year = {2019},
	pages = {0013916519853302},
	file = {SAGE PDF Full Text:C\:\\Users\\mephamk\\Zotero\\storage\\DMZUE8KJ\\Goldberg et al. - 2019 - Perceived Social Consensus Can Reduce Ideological .pdf:application/pdf}
}
@article{santana2014Virtuous,
    title={Virtuous or Vitriolic},
    volume={8}, ISSN={1751-2786},
    DOI={10/gcz6xw},
    number={1}, 
    journal={Journalism Practice}, 
    publisher={Routledge}, 
    author={Santana, Arthur D.}, 
    year={2014},
    month={1},
    pages={18–33}
}
@article{goldberg2018social,
	title = {Beyond social contagion: associative diffusion and the emergence of cultural variation},
	volume = {83},
	issn = {0003-1224},
	shorttitle = {Beyond social contagion},
	url = {https://doi.org/10.1177/0003122418797576},
	doi = {10/gfcvjd},
	language = {en},
	number = {5},
	urldate = {2019-06-06},
	journal = {American Sociological Review},
	author = {Goldberg, Amir and Stein, Sarah K.},
	month = 10,
	year = {2018},
	pages = {897--932},
}
@article{bruggeman2016strength,
	title = {The strength of varying tie strength: comment on aral and van alstyne},
	volume = {121},
	issn = {0002-9602},
	shorttitle = {The strength of varying tie strength},
	url = {https://www.journals.uchicago.edu/doi/full/10.1086/686267},
	doi = {10/ghv4tg},
	number = {6},
	urldate = {2019-06-06},
	journal = {American Journal of Sociology},
	author = {Bruggeman, Jeroen},
	month = may,
	year = {2016},
	pages = {1919--1930},
}
@article{aral2011diversitybandwidth,
	title = {The diversity-bandwidth trade-off},
	volume = {117},
	issn = {0002-9602},
	url = {https://www.journals.uchicago.edu/doi/full/10.1086/661238},
	doi = {10/bnwbj7},
	number = {1},
	urldate = {2019-06-06},
	journal = {American Journal of Sociology},
	author = {Aral, Sinan and Van Alstyne, Marshall},
	month = jul,
	year = {2011},
	pages = {90--171},
}
@article{gaffney2018Caveat,
	title = {Caveat emptor, computational social science: Large-scale missing data in a widely-published reddit corpus},
	volume = {13},
	issn = {1932-6203},
	shorttitle = {Caveat emptor, computational social science},
	url = {https://journals.plos.org/plosone/article?id=10.1371/journal.pone.0200162},
	doi = {10/gdt867},
	number = {7},
	urldate = {2019-11-28},
	journal = {PLOS ONE},
	author = {Gaffney, Devin and Matias, J. Nathan},
	month = 7,
	year = {2018},
	keywords = {Computational sociology, Machine learning, Mass media, Network analysis, Publication ethics, Research validity, Social research, Statistical data},
	pages = {e0200162},
}
@article{hustonInterpersonal,
	author = {Huston, Ted L. and Levinger, George},
    title = {Interpersonal Attraction and Relationships},
    journal = {Annual Review of Psychology},
    volume = {29},
    number = {1},
    pages = {115-156},
    year = {1978},
    doi = {10.1146/annurev.ps.29.020178.000555},
    note ={PMID: 341779},
    URL = {https://doi.org/10.1146/annurev.ps.29.020178.000555},
    eprint = {https://doi.org/10.1146/annurev.ps.29.020178.000555}
    
    }
@article{wilkerson2017Largescale,
	title = {Large-scale computerized text analysis in political science: Opportunities and challenges},
	volume = {20},
	issn = {1094-2939, 1545-1577},
	shorttitle = {Large-scale computerized text analysis in political science},
	url = {http://www.annualreviews.org/doi/10.1146/annurev-polisci-052615-025542},
	doi = {10/gdj7j3},
	number = {1},
	urldate = {2020-02-14},
	journal = {Annual Review of Political Science},
	author = {Wilkerson, John and Casas, Andreu},
	month = {5},
	year = {2017},
	pages = {529--544},
}
@article{zhang2019Encountering,
	title = {Encountering Dissimilar Views in Deliberation: Political Knowledge, Attitude Strength, and Opinion Change},
	volume = {40},
	issn = {1467-9221},
	shorttitle = {Encountering {Dissimilar} {Views} in {Deliberation}},
	url = {https://onlinelibrary.wiley.com/doi/10.1111/pops.12514},
	doi = {10/ghv4t4},
	number = {2},
	urldate = {2020-08-31},
	journal = {Political Psychology},
	author = {Zhang, Kaiping},
	month = 4,
	year = {2019},
	keywords = {attitude strength, deliberative democracy, dissimilar views, policy opinion change, political knowledge},
	pages = {315--333},
}
@article{postmes1998Breaching,
	title = {Breaching or building social boundaries?: {SIDE}-effects of computer-mediated communication},
	volume = {25},
	issn = {0093-6502},
	shorttitle = {Breaching or building social boundaries?},
	url = {https://doi.org/10.1177/009365098025006006},
	doi = {10/ffsbdn},
	language = {en},
	number = {6},
	urldate = {2021-01-07},
	journal = {Communication Research},
	author = {Postmes, Tom and Spears, Russell and Lea, Martin},
	month = 12,
	year = {1998},
	pages = {689--715},
}
@article{postmes2001Social,
	title = {Social influence in computer-mediated communication: The effects of anonymity on group behavior},
	volume = {27},
	issn = {0146-1672},
	shorttitle = {Social influence in computer-mediated communication},
	url = {https://doi.org/10.1177/01461672012710001},
	doi = {10/ctsvqm},
	language = {en},
	number = {10},
	urldate = {2021-01-28},
	journal = {Personality and Social Psychology Bulletin},
	author = {Postmes, Tom and Spears, Russell and Sakhel, Khaled and de Groot, Daphne},
	month = 10,
	year = {2001},
	note = {Publisher: SAGE Publications Inc},
	pages = {1243--1254}
}

@article{kazee1981Television,
	title = {Television exposure and attitude change: the impact of political interest},
	volume = {45},
	issn = {0033-362X},
	shorttitle = {Television exposure and attitude change},
	url = {https://doi.org/10.1086/268684},
	doi = {10/fd533g},
	number = {4},
	urldate = {2021-02-05},
	journal = {Public Opinion Quarterly},
	author = {Kazee, Thomas A.},
	month = 1,
	year = {1981},
	pages = {507--518},
}
@article{pan2006Mobilizing,
	title = {Mobilizing political talk in a presidential campaign: An examination of campaign effects in a deliberative framework},
	volume = {33},
	issn = {0093-6502},
	shorttitle = {Mobilizing political talk in a presidential campaign},
	url = {https://doi.org/10.1177/0093650206291478},
	doi = {10/b6hmts},
	language = {en},
	number = {5},
	urldate = {2021-02-05},
	journal = {Communication Research},
	author = {Pan, Zhongdang and Shen, Lijiang and Paek, Hye-Jin and Sun, Ye},
	month = 8,
	year = {2006},
	note = {Publisher: SAGE Publications Inc},
	keywords = {deliberation, election campaigns, media effects, political participation, political talk},
	pages = {315--345}
}
@article{dubois2018echo,
	title = {The echo chamber is overstated: the moderating effect of political interest and diverse media},
	volume = {21},
	issn = {1369-118X},
	shorttitle = {The echo chamber is overstated},
	url = {https://doi.org/10.1080/1369118X.2018.1428656},
	doi = {10/gc3gt8},
	number = {5},
	urldate = {2021-02-05},
	journal = {Information, Communication \& Society},
	author = {Dubois, Elizabeth and Blank, Grant},
	month = may,
	year = {2018},
	keywords = {Echo chamber, high-choice media environment, media diversity, political interest, survey},
	pages = {729--745},
}
@article{graham2014Discursive,
	title = {Discursive Equality and Everyday Talk Online: The Impact of ``Superparticipants''},
	volume = {19},
	issn = {1083-6101},
	shorttitle = {Discursive Equality and Everyday Talk Online},
	url = {https://doi.org/10.1111/jcc4.12016},
	doi = {10/f53tvg},
	number = {3},
	urldate = {2021-02-05},
	journal = {Journal of Computer-Mediated Communication},
	author = {Graham, Todd and Wright, Scott},
	year = {2014},
	pages = {625--642},
}
@article{jennings1996Political,
	title = {Political knowledge over time and across generations},
	volume = {60},
	issn = {0033362X},
	url = {https://academic.oup.com/poq/article-lookup/doi/10.1086/297749},
	doi = {10/frzssc},
	number = {2},
	urldate = {2021-02-05},
	journal = {Public Opinion Quarterly},
	author = {Jennings, Myron K.},
	year = {1996},
	pages = {228},
}
@article{cobb1997Changing,
	title = {Changing Minds: Political Arguments and Political Persuasion},
	volume = {41},
	issn = {00925853},
	shorttitle = {Changing Minds},
	url = {https://www.jstor.org/stable/2111710?origin=crossref},
	doi = {10/b4cz3f},
	language = {en},
	number = {1},
	urldate = {2021-02-05},
	journal = {American Journal of Political Science},
	author = {Cobb, Michael D. and Kuklinski, James H.},
	year = {1997},
	pages = {88},
}
@article{banda2018Elite,
	title = {Elite polarization, party extremity, and affective polarization},
	volume = {56},
	issn = {0261-3794},
	url = {https://www.sciencedirect.com/science/article/pii/S0261379418301975},
	doi = {10/gfp32c},
	language = {en},
	urldate = {2021-02-05},
	journal = {Electoral Studies},
	author = {Banda, Kevin K. and Cluverius, John},
	month = 12,
	year = {2018},
	pages = {90--101},
	file = {ScienceDirect Full Text PDF:C\:\\Users\\mephamk\\Zotero\\storage\\WIL7HTCH\\Banda and Cluverius - 2018 - Elite polarization, party extremity, and affective.pdf:application/pdf;ScienceDirect Snapshot:C\:\\Users\\mephamk\\Zotero\\storage\\EDGP9Z73\\S0261379418301975.html:text/html}
}
@article{rogowski2016How,
	title = {How ideology fuels affective polarization},
	volume = {38},
	issn = {0190-9320, 1573-6687},
	url = {http://link.springer.com/10.1007/s11109-015-9323-7},
	doi = {10/f8jm4g},
	language = {en},
	number = {2},
	urldate = {2021-02-05},
	journal = {Political Behavior},
	author = {Rogowski, Jon C. and Sutherland, Joseph L.},
	month = jun,
	year = {2016},
	pages = {485--508},
}
@article{lu2021Determinants,
	title = {Determinants of cross-cutting discussion on facebook: political interest, news consumption, and strong-tie heterogeneity},
	volume = {23},
	issn = {1461-4448},
	shorttitle = {Determinants of cross-cutting discussion on facebook},
	url = {https://doi.org/10.1177/1461444819899879},
	doi = {10/ghzc2v},
	language = {en},
	number = {1},
	urldate = {2021-02-05},
	journal = {New Media \& Society},
	author = {Lu, Yanqin and Lee, Jae Kook},
	month = jan,
	year = {2021},
	note = {Publisher: SAGE Publications},
	keywords = {Facebook, political disagreement, political discussion, political interest, strong tie},
	pages = {175--192},
	file = {SAGE PDF Full Text:C\:\\Users\\mephamk\\Zotero\\storage\\R63SL83S\\Lu and Lee - 2021 - Determinants of cross-cutting discussion on Facebo.pdf:application/pdf}
}
@article{bennett2000Political,
	title = {Political talk over here, over there, over time},
	volume = {30},
	issn = {0007-1234},
	url = {https://www.jstor.org/stable/194115},
	doi = {10/b9ss8f},
	number = {1},
	urldate = {2021-02-05},
	journal = {British Journal of Political Science},
	author = {Bennett, Stephen E. and Flickinger, Richard S. and Rhine, Staci L.},
	year = {2000},
	note = {Publisher: Cambridge University Press},
	pages = {99--119}
}
@article{regnier2021Stonks,
	title = {Stonks are bonkers, and other lessons from the reddit rebellion},
	url = {https://www.bloomberg.com/news/features/2021-02-04/gamestop-gme-how-wallstreetbets-and-robinhood-created-bonkers-stock-market},
	abstract = {A tendies-fueled fever upended finance, albeit briefly, and left normies hugging index funds. The serious money is still going long.},
	language = {en},
	urldate = {2021-02-08},
	journal = {Bloomberg.com},
	author = {Regnier, Pat},
	month = feb,
	year = {2021},
	keywords = {Bitcoin, Bull Market, business, businessweek, GAMESTOP CORP-CLASS A, Hedge Funds, Investment Trusts, markets, Money Manager, Social Media, Stock Trading, Stocks, technology, Wall Street, wealth},
	file = {Snapshot:C\:\\Users\\mephamk\\Zotero\\storage\\EVYXX228\\gamestop-gme-how-wallstreetbets-and-robinhood-created-bonkers-stock-market.html:text/html}
}
@article{festinger1952consequences,
	title = {Some consequences of de-individuation in a group.},
	volume = {47},
	issn = {0096-851X},
	url = {http://doi.apa.org/getdoi.cfm?doi=10.1037/h0057906},
	doi = {10/bwj2fq},
	number = {2, Suppl},
	urldate = {2021-02-08},
	journal = {Journal of Abnormal and Social Psychology},
	author={Festinger, Leon and Pepitone, Albert and Newcomb, Theodore M.},
	year = {1952},
	pages = {382--389}
}
@article{galston2001Political,
	title = {Political knowledge, political engagement, and civic education},
	volume = {4},
	issn = {1094-2939},
	url = {https://www.annualreviews.org/doi/10.1146/annurev.polisci.4.1.217},
	doi = {10/d6mk67},
	number = {1},
	urldate = {2021-02-08},
	journal = {Annual Review of Political Science},
	author = {Galston, William A.},
	month = jun,
	year = {2001},
	note = {Publisher: Annual Reviews},
	pages = {217--234},
	file = {Full Text PDF:C\:\\Users\\mephamk\\Zotero\\storage\\HFIYRZJR\\Galston - 2001 - Political Knowledge, Political Engagement, and Civ.pdf:application/pdf;Snapshot:C\:\\Users\\mephamk\\Zotero\\storage\\RI6J9JR2\\annurev.polisci.4.1.html:text/html}
}
@article{evelandjr2000Connecting,
	title = {Connecting News Media Use with Gaps in Knowledge and Participation},
	volume = {17},
	issn = {1058-4609},
	url = {https://doi.org/10.1080/105846000414250},
	doi = {10/bjtpm8},
	number = {3},
	urldate = {2021-02-08},
	journal = {Political Communication},
	author = {Eveland Jr, William P. and Scheufele, Dietram A.},
	year = {2000},
	keywords = {Newspapers Political Learning Political Participation Television News Voting},
	pages = {215--237},
}
@article{hutto2014vader,
  title={{VADER}: A parsimonious rule-based model for sentiment analysis of social media text},
  author={Hutto, Clayton J. and Gilbert, Eric},
  journal={Proceedings of the International AAAI Conference on Web and Social Media},
  volume={8},
  number={1},
  year={2014}
}
@book{bird2009natural,
  title={Natural Language Processing with Python: Analyzing Text with the Natural Language Toolkit},
  author={Bird, Steven and Klein, Ewan and Loper, Edward},
  year={2009},
  publisher={O'Reilly Media}
}
@inproceedings{thomas2006get,
  title = "Get out the vote: Determining support or opposition from Congressional floor-debate transcripts",
    author = "Thomas, Matt  and Pang, Bo  and Lee, Lillian",
    booktitle = "Proceedings of the 2006 Conference on Empirical Methods in Natural Language Processing",
    year = "2006",
    publisher = "Association for Computational Linguistics",
    url = "https://aclanthology.org/W06-1639",
    pages = "327--335",
}
@misc{joulin2016bag,
      title={Bag of Tricks for Efficient Text Classification}, 
      author={Joulin, Armand and Grave, Edouard and Bojanowski, Piotr and Mikolov, Tomas},
      year={2016},
      eprint={1607.01759},
      archivePrefix={arXiv},
      primaryClass={cs.CL}
}
@misc{joulin2016fasttext,
  title={FastText.zip: Compressing text classification models},
  author={Joulin, Armand and Grave, Edouard and Bojanowski, Piotr and Douze, Matthijs and J{\'e}gou, H{\'e}rve and Mikolov, Tomas},
  year={2016},
  eprint={1612.03651},
  archivePrefix={arXiv},
  primaryClass={cs.CL}
}
@article{karimi2018homophily,
  title={Homophily influences ranking of minorities in social networks},
  author={Karimi, Fariba and G{\'e}nois, Mathieu and Wagner, Claudia and Singer, Philipp and Strohmaier, Markus},
  journal={Scientific Reports},
  volume={8},
  number={1},
  pages={1--12},
  year={2018},
  publisher={Nature Publishing Group}
}
@article{newman2002assortative,
  title={Assortative mixing in networks},
  author={Newman, Mark E. J.},
  journal={Physical Review Letters},
  volume={89},
  number={20},
  pages={208701},
  year={2002},
  publisher={APS}
}
@article{Iyengar2012AffectPolarization,
    title = {Affect, not ideology: A social identity perspective on polarization},
    year = {2012},
    journal = {Public Opinion Quarterly},
    author = {Iyengar, Shanto and Sood, Gaurav and Lelkes, Yphtach},
    number = {3},
    pages = {405--431},
    volume = {76},
    isbn = {1146488491},
    doi = {10.1093/poq/nfs038},
    issn = {0033362X}
}
@article{Klar2018AffectiveDisdain,
    title = {{Affective Polarization or Partisan Disdain?}},
    year = {2018},
    journal = {Public Opinion Quarterly},
    author = {Klar, Samara and Krupnikov, Yanna and Ryan, John B.},
    number = {2},
    month = {6},
    pages = {379--390},
    volume = {82},
    publisher = {Oxford University Press},
    url = {https://academic.oup.com/poq/article/82/2/379/4996003},
    doi = {10.1093/poq/nfy014},
    issn = {0033-362X}
}
@incollection{Tajfel1979AnConflict,
    title = {An Integrative Theory if Intergroup Conflict},
    year = {1979},
    booktitle = {The Social Psychology of Intergroup Relations},
    author = {Tajfel, Henri and Turner, John},
    editor = {Austin, W.G. and Worchel, Stephen},
    chapter = {3},
    pages = {33--47},
    publisher = {Brooks/Cole},
}
@article{Bogardus1947MeasurementRelations,
    title = {Measurement of Personal-Group Relations},
    year = {1947},
    author = {Bogardus, Emory S.},
    number = {4},
    pages = {306--311},
    volume = {10},
    journal = {Sociometry}
}
@article{Iyengar2018PartisanshipPolarization,
    title = {Partisanship as Social Identity; Implications for the Study of Party Polarization},
    year = {2018},
    journal = {The Forum},
    author = {Iyengar, Shanto and Krupenkin, Masha},
    number = {1},
    pages = {23--45},
    volume = {16},
    publisher = {De Gruyter},
    url = {http://www.degruyter.com/view/j/for.2018.16.issue-1/for-2018-0003/for-2018-0003.xml},
    doi = {10.1515/for-2018-0003},
    issn = {1540-8884}
}
@book{Sunstein2001Republic20,
    title = {Republic.com 2.0},
    author = {Sunstein, Cass},
    publisher = {Princeton University Press},
    year = {2001}
}
@article{Reiljan2019FearSystems,
    title = {{`Fear and loathing across party lines' (also) in Europe: Affective polarisation in European party systems}},
    year = {2019},
    journal = {European Journal of Political Research},
    author = {Reiljan, Andres},
    number = {2},
    month = {7},
    pages = {376--396},
    volume = {59},
    publisher = {John Wiley {\&} Sons, Ltd (10.1111)},
    url = {https://onlinelibrary.wiley.com/doi/abs/10.1111/1475-6765.12351},
    doi = {10.1111/1475-6765.12351},
    issn = {0304-4130},
    keywords = {affective polarisation, attitudes, polarisation, political parties}
}

@article{Mason2015IPolarization,
    title = {{``I Disrespectfully Agree'': The Differential Effects of Partisan Sorting on Social and Issue Polarization}},
    year = {2015},
    journal = {American Journal of Political Science},
    author = {Mason, Lilliana},
    number = {1},
    pages = {128--145},
    volume = {59},
    doi = {10.1111/ajps.12089}
}
@article{Marchal2021Be,
    author = {Nahema Marchal},
    title ={``{B}e Nice or Leave Me Alone'': An Intergroup Perspective on Affective Polarization in Online Political Discussions},
    journal = {Communication Research},
    volume = {0},
    number = {0},
    pages = {00936502211042516},
    year = {0},
    doi = {10.1177/00936502211042516},
    URL = {https://doi.org/10.1177/00936502211042516},
    eprint = {https://doi.org/10.1177/00936502211042516},
}
@article{jacobson2015campaigns,
  title={How do campaigns matter?},
  author={Jacobson, Gary C.},
  journal={Annual Review of Political Science},
  volume={18},
  pages={31--47},
  year={2015},
  publisher={Annual Reviews}
}
@article{hersh2018mixed,
  title={Mixed partisan households and electoral participation in the United States},
  author={Hersh, Eitan and Ghitza, Yair},
  journal={PloS one},
  volume={13},
  number={10},
  pages={e0203997},
  year={2018},
  publisher={Public Library of Science San Francisco, CA USA}
}
@article{huber2017political,
  title={Political homophily in social relationships: Evidence from online dating behavior},
  author={Huber, Gregory A and Malhotra, Neil},
  journal={Journal of Politics},
  volume={79},
  number={1},
  pages={269--283},
  year={2017},
  publisher={University of Chicago Press Chicago, IL}
}
@article{iyengar2015fear,
  title={Fear and loathing across party lines: New evidence on group polarization},
  author={Iyengar, Shanto and Westwood, Sean J},
  journal={American Journal of Political Science},
  volume={59},
  number={3},
  pages={690--707},
  year={2015},
  publisher={Wiley Online Library}
}
@article{ribeiro2016sentibench,
  title={Sentibench-a benchmark comparison of state-of-the-practice sentiment analysis methods},
  author={Ribeiro, Filipe N and Ara{\'u}jo, Matheus and Gon{\c{c}}alves, Pollyanna and Gon{\c{c}}alves, Marcos Andr{\'e} and Benevenuto, Fabr{\'\i}cio},
  journal={EPJ Data Science},
  volume={5},
  number={1},
  pages={1--29},
  year={2016},
  publisher={Springer}
}
@article{bollen2011twitter,
  title={Twitter mood predicts the stock market},
  author={Bollen, Johan and Mao, Huina and Zeng, Xiaojun},
  journal={Journal of Computational Science},
  volume={2},
  number={1},
  pages={1--8},
  year={2011},
  publisher={Elsevier}
}
@article{back2010emotional,
  title={The emotional timeline of September 11, 2001},
  author={Back, Mitja D and K{\"u}fner, Albrecht CP and Egloff, Boris},
  journal={Psychological Science},
  volume={21},
  number={10},
  pages={1417--1419},
  year={2010},
  publisher={Sage Publications Sage CA: Los Angeles, CA}
}
@article{nordbrandt2021affective,
author = {Nordbrandt, Maria},
title ={Affective polarization in the digital age: Testing the direction of the relationship between social media and users’ feelings for out-group parties},
journal = {New Media \& Society},
volume = {0},
number = {0},
pages = {14614448211044393},
year = {0},
doi = {10.1177/14614448211044393},
URL = {https://doi.org/10.1177/14614448211044393},
eprint = {https://doi.org/10.1177/14614448211044393},
}
@article{gentzkow2019measuring,
  title={Measuring group differences in high-dimensional choices: method and application to congressional speech},
  author={Gentzkow, Matthew and Shapiro, Jesse M and Taddy, Matt},
  journal={Econometrica},
  volume={87},
  number={4},
  pages={1307--1340},
  year={2019},
  publisher={Wiley Online Library}
}
@article{bail2018exposure,
  title={Exposure to opposing views on social media can increase political polarization},
  author={Bail, Christopher A. and Argyle, Lisa P. and Brown, Taylor W. and Bumpus, John P. and Chen, Haohan and Hunzaker, M. B. Fallin and Lee, Jaemin and Mann, Marcus and Merhout, Friedolin and Volfovsky, Alexander},
  journal={Proceedings of the National Academy of Sciences},
  volume={115},
  number={37},
  pages={9216--9221},
  year={2018},
}
@techreport{boxell2017,
     title = "Is the Internet Causing Political Polarization? Evidence from Demographics",
     author = "Boxell, Levi and Gentzkow, Matthew and Shapiro, Jesse M.",
     institution = "National Bureau of Economic Research",
     type = "Working Paper",
     series = "Working Paper Series",
     number = "23258",
     year = "2017",
     month = "March",
     doi = {10.3386/w23258},
     URL = "http://www.nber.org/papers/w23258"
}
@article{boxell2017greater, 
    author = {Boxell, Levi and Gentzkow, Matthew and Shapiro, Jesse M.},
	title = {Greater Internet use is not associated with faster growth in political polarization among {US} demographic groups},
	volume = {114},
	number = {40},
	pages = {10612--10617},
	year = {2017},
	doi = {10.1073/pnas.1706588114},
	issn = {0027-8424},
	URL = {https://www.pnas.org/content/114/40/10612},
	eprint = {https://www.pnas.org/content/114/40/10612.full.pdf},
	journal = {Proceedings of the National Academy of Sciences}
}
@article{jhaver2019human,
    author = {Jhaver, Shagun and Birman, Iris and Gilbert, Eric and Bruckman, Amy},
    title = {Human-Machine Collaboration for Content Regulation: The Case of Reddit Automoderator},
    year = {2019},
    issue_date = {September 2019},
    publisher = {Association for Computing Machinery},
    address = {New York, NY, USA},
    volume = {26},
    number = {5},
    issn = {1073-0516},
    url = {https://doi.org/10.1145/3338243},
    doi = {10.1145/3338243},
    journal = {ACM Transactions on Computer-Human Interaction},
    month = {7},
    articleno = {31},
    numpages = {35},
    keywords = {Automod, future of work, Content moderation, mixed initiative, automated moderation, platform governance}
}
@article{newton2020reddit,
    author = {Newton, Casey},
    journal = {Verge},
    title = {Reddit bans r/The\_Donald and r/ChapoTrapHouse as part of a major expansion of its rules},
    year = {Jun 29, 2020},
    howpublished = {https://www.theverge.com/2020/6/29/21304947/reddit-ban-subreddits-the-donald-chapo-trap-house-new-content-policy-rules}
}
@article{hersh2016how,
    author = {Hersh, Eitan},
    title = {How Many {Republicans} Marry {Democrats}?},
    journal = {FiveThirtyEight},
    year = {June 28, 2016},
    howpublished = {https://fivethirtyeight.com/features/how-many-republicans-marry-democrats/},
}
@article{priya2019where,
    title = {Where should one get news updates: {Twitter} or {Reddit}},
    journal = {Online Social Networks and Media},
    volume = {9},
    pages = {17-29},
    year = {2019},
    issn = {2468-6964},
    doi = {https://doi.org/10.1016/j.osnem.2018.11.001},
    url = {https://www.sciencedirect.com/science/article/pii/S2468696418300338},
    author = {Priya, Shalini and Sequeira, Ryan and Chandra, Joydeep and Dandapat, Sourav K.},
    keywords = {, Reddit Vs. Twitter, Journalistic requirement},
}
@article{smith2021inequality,
    author = {Smith, David},
    title = {{Inequality, racism and polarisation ravaged US democracy. Then came Trump}},
    journal = {Guardian},
    year = {January 10, 2021},
    howpublished = {https://www.theguardian.com/us-news/2021/jan/10/trump-american-carnage-inequality-racism-polarisation},
}
@inproceedings{soliman2019characterization,
    author = {Soliman, Ahmed and Hafer, Jan and Lemmerich, Florian},
    title = {A Characterization of Political Communities on {Reddit}},
    year = {2019},
    isbn = {9781450368858},
    publisher = {Association for Computing Machinery},
    url = {https://doi.org/10.1145/3342220.3343662},
    doi = {10.1145/3342220.3343662},
    booktitle = {Proceedings of the 30th ACM Conference on Hypertext and Social Media},
    pages = {259–263},
    numpages = {5},
    keywords = {politics, reddit},
    series = {HT '19}
}
@misc{rajadesingan2021political,
      title={Political Discussion is Abundant in Non-political Subreddits (and Less Toxic)}, 
      author={Rajadesingan, Ashwin and Budak, Ceren and Resnick, Paul},
      year={2021},
      eprint={2104.09560},
      archivePrefix={arXiv},
      primaryClass={cs.SI},
}
@article{statt2021twitter,
    author = {Statt, Nick},
    title = {Twitter is opening up its full tweet archive to academic researchers for free},
    journal = {Verge},
    year = {January 26, 2021},
    url = {https://www.theverge.com/2021/1/26/22250203/twitter-academic-research-public-tweet-archive-free-access},
    note = {Accessed on October 27, 2021},
}
@article{pew2020voters,
	title={Voters Rarely Switch Parties, but Recent Shifts Further Educational, Racial Divergence},
	author={{Pew Research Center}},
	year={August 4, 2020},
	journal = {Pew Research Center Report},
	note={Accessed on November 3, 2021},
	url ={https://www.pewresearch.org/politics/2020/08/04/voters-rarely-switch-parties-but-recent-shifts-further-educational-racial-divergence/},
}
@article{noldus2015assortativity,
  title={Assortativity in Complex Networks},
  author={Noldus, Rogier and Van Mieghem, Piet},
  journal={Journal of Complex Networks},
  volume={3},
  number={4},
  pages={507--542},
  year={2015},
}
@article{wojcieszak2021nopolarization,
author = {Wojcieszak, Magdalena and de Leeuw, Sjifra and Menchen-Trevino, Ericka and Lee, Seungsu and Huang-Isherwood, Ke M. and Weeks, Brian},
title ={No Polarization From Partisan News: Over-Time Evidence From Trace Data},
journal = {The International Journal of Press/Politics},
volume = {0},
number = {0},
pages = {19401612211047194},
year = {0},
doi = {10.1177/19401612211047194},
URL = {https://doi.org/10.1177/19401612211047194},
eprint = {https://doi.org/10.1177/19401612211047194},
}
